%
%  $Description: bibliography$
%
%  $Author: zaraket $
%  $Date: 2007/06/12 15:29:41 $
%  $Revision: 1.4 $
%
%TECHREPORT citation_key,
%            required_fields [, optional_fields] 
% Required fields: author, title, institution, year
% Optional fields: type, number, address, month, note, key 
%author = {Mohamed Maamouri, Ann Bies, Seth Kulick, Wajdi Zaghouani, Dave Graff and Mike Ciul},

@misc{blind,
title  = "{Omitted for Blind Review.}",
}

@string{PROC = "Proceedings of the"}
@string{infocom = "IEEE Infocom"}
@string{icse = "International Conference on Software Engineering"}
@String{DAC = "Design Automation Conference"}
@String{DAC01 = DAC }
@String{MIT-P = "MIT Press, Cambridge, MA"}
@String{NAI = "National Conference on Artificial Intelligence"}
@String{NAI97 = PROC # NAI}
@String{PROC = "Proceedings of the "}
@string{iccd = "International Conference on Computer Design"}
@string{erl = "Electronics Research Lab"}
@string{fmsd = "Journal of Formal Methods in System Design"}
@String{date = "Design Automation and Test in Europe"};

@inproceedings{Kozareva:06,
 author = {Kozareva, Zornitsa},
 title = {Bootstrapping named entity recognition with automatically generated gazetteer lists},
 booktitle = {Proceedings of the Eleventh Conference of the European Chapter of the Association for Computational Linguistics: Student Research Workshop},
 series = {EACL '06},
 year = {2006},
 location = {Trento, Italy},
 pages = {15--21},
 numpages = {7},
 url = {http://dl.acm.org/citation.cfm?id=1609039.1609041},
 acmid = {1609041},
 publisher = {Association for Computational Linguistics},
 address = {Stroudsburg, PA, USA},
} 

@article{Toral:06,
    author = {Toral, A. and Munoz, R.},
    journal = {Proceedings of the EACL-2006 Workshop on NEW TEXT-Wikis and blogs and other dynamic text sources},
    title = {{A proposal to automatically build and maintain gazetteers for Named Entity Recognition by using Wikipedia}},
    url = {http://acl.ldc.upenn.edu/W/W06/W06-2809.pdf},
    year = {2006}
}

@incollection{Benajiba:07,
    author = {Benajiba, Yassine and Rosso, Paolo and Bened\'{\i}ruiz, Jos\'{e}},
    doi = {10.1007/978-3-540-70939-8_13},
    journal = {Computational Linguistics and Intelligent Text Processing},
    pages = {143--153},
    title = {{ANERsys: An Arabic Named Entity Recognition System Based on Maximum Entropy}},
    url = {http://dx.doi.org/10.1007/978-3-540-70939-8_13},
    year = {2007}
}

@article{Carlson:09, 
title={Learning a Named Entity Tagger from Gazetteers with the Partial Perceptron}, 
url={http://www.cs.cmu.edu/~acarlson/papers/carlson-aaaisymp-lbr09.pdf}, 
journal={Machine Learning}, 
author={Carlson, Andrew and Gaffney, Scott and Vasile, Flavian}, 
year={2009}, 
pages={7--13}
}

@INPROCEEDINGS{ Kazama:08,
AUTHOR = "Jun'ichi Kazama and Kentaro Torisawa",
TITLE = "Inducing Gazetteers for Named Entity Recognition by Large-Scale Clustering of Dependency Relations.",
booktitle = "ACL'08",
PAGES = {407-415},
YEAR = {2008}  
}

@misc{Nadeau:06,
title = {Unsupervised Named-Entity Recognition: Generating Gazetteers and Resolving Ambiguity},
author = {David Nadeau and Peter D. Turney and Stan Matwin},
year = {2006},
pages = {266--277},
 url = {http://cogprints.org/5025/},
}



@INPROCEEDINGS{Smith:00,
    author = {Marc Smith and Jj Cadiz},
    title = {Conversation trees and threaded chats},
    booktitle = {},
    year = {2000},
    pages = {97--105},
    publisher = {Press}
}

@techreport{Venolia:03,
    author = {Venolia, Gina D.  and Neustaedter, Carman},
    title = {Understanding Sequence and Reply Relationships within Email Conversations: A Mixed-Model Visualization},
    month=1,
    year = {2003},
    publisher = {Association for Computing Machinery, Inc.},
    institution={Microsoft Research},
    url={http://research.microsoft.com/apps/pubs/default.aspx?id=69969},
}


@misc{catholicEncyclopedia:Online,
author={Maas, A.},
title={Genealogy (in the {B}ible) -- {T}he {C}atholic {E}ncyclopedia},
booktitle={The Catholic Encyclopedia},
year={1909},
url={http://www.newadvent.org/cathen/06408a.htm},
address={New York},
publisher={Robert Appleton Company},
howpublished={Retrieved September 15, 2011 from New Advent \url{http://www.newadvent.org/cathen/06408a.htm}},
}

@misc{Belote:Online,
author={Belote, Jim},
title={Bible {G}enealogies with {N}otes on {B}ible {K}inship and {F}amily {S}ystems},
year={2008},
url={http://www.d.umn.edu/~jbelote/biblegenealogy.html},
howpublished={Retrieved September 15, 2011 from \url{http://www.d.umn.edu/~jbelote/biblegenealogy.html}},
}

@misc{completeBibleGenealogy:Online,
author={},
title={Complete {B}ible {G}enealogy},
year={2005},
url={http://www.complete-bible-genealogy.com},
howpublished={Retrieved September 15, 2011 from \url{http://www.complete-bible-genealogy.com}},
}

@misc{SoulLiberty:Online,
author={Rouse, Robert},
title={Mapping God's Bloodline},
booktitle={Soul {L}iberty},
month={April},
year={2011},
url={http://soulliberty.com/View.php?ID=5052},
howpublished={Retrieved September 15, 2011 from \url{http://soulliberty.com/View.php?ID=5052}},
}

@book{Thomas:92,
author={Robinson, Thomas},
title={The {B}ible {T}imeline},
year={1992},
publishers= Thomas Nelson Publishers}, 
address={Nashville, Tennessee},
}

@INPROCEEDINGS{iTree, 
author={Azmi, Aqil and Bin Badia, Nawaf}, 
booktitle={Natural Language Processing and Knowledge Engineering (NLP-KE), 2010 International Conference on}, 
title={iTree - Automating the construction of the narration tree of Hadiths (Prophetic Traditions)}, 
year={2010}, 
month={aug.}, 
volume={}, 
number={}, 
pages={1 -7}, 
keywords={Arabic language;Hadith corpus;Islamic legislation;domain specific grammar;iTree;narration tree;parsing;grammars;natural language processing;text analysis;trees (mathematics);}, 
doi={10.1109/NLPKE.2010.5587810}, 
ISSN={},
}

@INPROCEEDINGS{eNarrator, 
author={Azmi, Aqil and Bin Badia, Nawaf},
booktitle={The Arabian Journal for Science and Engineering}, 
title={e-NARRATOR â€“ AN APPLICATION FOR CREATING AN ONTOLOGY OF HADITHS NARRATION TREE SEMANTICALLY AND GRAPHICALLY}, 
year={2010}, 
month={dec.}, 
volume={35}, 
number={2C}, 
pages={}, 
url={ajse.kfupm.edu.sa/articles/352C_P.04.pdf},
ISSN={},
}


@INPROCEEDINGS{Traboulsi:09, 
author={Traboulsi, H.}, 
booktitle={Computer Science and Information Technology, 2009. IMCSIT '09. International Multiconference on}, 
title={Arabic named entity extraction: A local grammar-based approach}, 
year={2009}, 
month={october}, 
pages={139 -143}, 
keywords={Arabic named entity extraction;Chinese news texts;English news texts;French news texts;Korean news texts;Portuguese news texts;Turkish news texts;biochemistry;local grammar-based approach;person name extraction;natural language processing;text analysis;}, 
doi={10.1109/IMCSIT.2009.5352809}, 
}

@article{Aoe:89,
    author = {Aoe, Jun-ichi},
    title = {An Efficient Digital Search Algorithm by Using a Double-Array Structure},
    journal = {IEEE Transactions on Software Engineering},
    volume = {15},
    number = {9},
    year = {1989},
    month = {May},
    pages = {1066--1077},
}

@misc{Hadithopaedia:08,
    author = {Zeineddine, Marwan},
    title={Platform for Automated Authentication of Islamic Traditions and Hadiths},
    howpublished={\url{http://code.google.com/p/hadithopaedia}},
    url={http://code.google.com/p/hadithopaedia},
    year={2008},
}

@inproceedings{Habash:06,
    author = {Habash, Nizar and Sadat, Fatiha},
    title = {{A}rabic preprocessing schemes for statistical machine translation},
    booktitle = {Proceedings of the North American Chapter of the Association for Computational Linguistics(NAACL)},
    year = {2006},
    pages = {49--52},
}

@inproceedings{Darwish:02,
    author = {Darwish, Kareem},
    title = {Building a shallow {A}rabic Morphological Analyzer in one day},
    booktitle = {Proceedings of the ACL-02 workshop on Computational approaches to semitic languages},
    year = {2002},
}

@inproceedings{Khoja:01,
    author = {Khoja, Shereen},
    title = {APT: {A}rabic Part of Speech Tagger},
    booktitle = {NAACL student research workshop},
    year = {2001},
}

@book{IbnHanbal,
	author= {Ibn Hanbal, Ahmad (780-855 Baghdad)},
    title={Musnad },
    publisher={Noor Foundation},
    year={2005},
    month={August}
}
@book{AlAskari,
	author= {Mortada Al~Askari},
    title={Maalim al Madrasatayn},
    publisher={Bitha},
    year={1984},
    volume={2},
}

@book{AlTousi,
    author={Al Tousi, Mohammad bin Hasan (996-1068)},
    title={Al Istibsar},
    publisher={Taaruf},
    year={1995},
    month={June}

}

@book{AlKulayni,
    author= {Al Kulayni,  Muhammad ibn Yaaqub(850s-941)},
    title={Kitab al-Kafi},
    publisher={Taaruf},
    year={1996},
    month={May}
}

@book{Badawi:04,
	author= {Badawi, Elsaid and Carter, Mike G. and Gully, Adrian},
    title={Modern Written {A}rabic: A Comprehensive Grammar},
    year={2004},
	publisher = {Routledge},
    address={New York},
}

@inproceedings{Kulick:10,
    author = {Kulick, Seth and Bies, Ann and Maamouri, Mohamed},
    title = {Consistent and Flexible Integration of Morphological Annotation in the {A}rabic Treebank},
    booktitle = {Proceedings of the Seventh conference on International Language Resources and Evaluation (LREC'10)},
    year = {2010},
    month = {May},
    address= {Valletta, Malta},
}

@inproceedings{Benajiba:07,
    author = {Benajiba, Yassine and Diab, Mona and Rosso, Paolo},
    title = {{A}rabic named entity recognition using optimized feature sets},
    booktitle = {EMNLP '08: Proceedings of the Conference on Empirical Methods in Natural Language Processing},
    year = {2008},
    pages = {284--293},
    address = {Morristown, NJ, USA},
}

@article{Sughaiyer:04,
    author = {Al-Sughaiyer, Imad A. and Al-Kharashi, Ibrahim A.},
    title = {{A}rabic morphological analysis techniques: a comprehensive survey},
    journal = {American Society for Information Science and Technology},
    volume = {55},
    number = {3},
    year = {2004},
    pages = {189--213},
    publisher = {John Wiley \& Sons, Inc.},
    address = {New York, NY, USA},
}

@inproceedings{Maamouri:04,
    author = {Maamouri, Mohamed and Bies, Ann},
    title = {Developing an {A}rabic treebank: methods, guidelines, procedures, and tools},
    booktitle = {Semitic '04: Proceedings of the Workshop on Computational Approaches to {A}rabic Script-based Languages},
    year = {2004},
    pages = {2--9},
}

@techreport{Buckwalter:02,
    author={Buckwalter, Timothy},
    title="Buckwalter {A}rabic Morphological Analyzer Version 1.0",
    year = "2002",
    publisher = "LDC catalog number LDC2002L49",
    institution = "LDC catalog number LDC2002L49",
}

@inproceedings{Beesley:01,
    author = {Beesley, Keneth R.}, 
    title = "Finite-State Morphological Analysis and Generation of {A}rabic at Xerox Research: Status and Plans",
    booktitle = {Workshop Proceedings on {A}rabic Language Processing: Status and Prospects},
    year = {2001},
    pages = {1--8},
    address = {Toulouse, France},
}


@inproceedings{Otakar:07,
    author = {Smr\v{z}, Otakar},
    title = {ElixirFM: implementation of functional {A}rabic morphology},
    booktitle = {Semitic '07: Proceedings of the 2007 Workshop on Computational Approaches to Semitic Languages},
    year = {2007},
    pages = {1--8},
    address= {Prague, Czech Republic},
}


@inproceedings{Habash:05,
    author = {Habash, Nizar and Rambow, Owen and Kiraz, George},
    title = {Morphological analysis and generation for {A}rabic dialects},
    booktitle = {Semitic '05: Proceedings of the ACL Workshop on Computational Approaches to Semitic Languages},
    year = {2005},
    pages = {17--24},
    address = {Morristown, NJ, USA},
}


@inproceedings{Buckwalter:04,
    author = {Buckwalter, Timothy},
    title = {Issues in {A}rabic orthography and morphology analysis},
    booktitle = {Semitic '04: Proceedings of the Workshop on Computational Approaches to {A}rabic Script-based Languages},
    year = {2004},
    pages = {31--34},
    address = {Morristown, NJ, USA},
}

@INBOOK{Issues:07,
    author = {Buckwalter, Timothy},
    title = "Issues in {A}rabic Morphological Analysis",
    series = "{A}rabic Computational Morphology",
    publisher = "Addison-Wesley",
    year = "2007",
    chapter = "3.4",
    publisher = "Springer",
}


@INBOOK{Diab:07,
author={Diab, Mona and  Hacioglu, Kadri  and Jurafsky, Daniel},
year={2007},
title={{A}rabic Computational Morphology: Knowledge-based and Empirical Methods},
chapter={9}, 
pages={159--179},
publisher={Springer},
editor={Abdelhadi Soudi, Antal van den Bosch and Gunter Neumann},
}


@INPROCEEDINGS{Larkey02improvingstemming,
    author = {Larkey, Leah S. and Ballesteros, Lisa},
    title = {Improving Stemming for {A}rabic Information Retrieval: Light Stemming and Co-occurrence Analysis},
    booktitle = {In SIGIR 2002},
    year = {2002},
    pages = {275--282}
}

@InProceedings{Habash:09,
    author = {Habash, Nizar and Rambow, Owen and Roth, Ryan},
    title = {MADA+TOKAN: A Toolkit for {A}rabic Tokenization, Diacritization, Morphological Disambiguation, POS Tagging, Stemming and Lemmatization},
    booktitle = {Proceedings of the Second International Conference on {A}rabic Language Resources and Tools},
    year = {2009},
    month = {April},
    address = {Cairo, Egypt},
    editor = {Khalid Choukri and Bente Maegaard},
    publisher = {The MEDAR Consortium},
}

@InProceedings{Maamouri:10,
    author = {Maamouri, Mohamed and Bies, Ann and Kulick, Seth and Zaghouani, Wajdi and Graff, David and Michael Ciul },
    year = {2010},
    title = {From Speech to Trees: Applying Treebank Annotation to {A}rabic Broadcast News},
    booktitle = {Proceedings of the Seventh conference on International Language Resources and Evaluation (LREC'10)},
    month = {May},
    address = {Valletta, Malta},
}


@article{JNi06,
    author={ Nightingale, J.},
    title={Digging for data that can change our world},
    year={10 January, 2006},
    journal={The Guardian},
}

@inproceedings{Osm08,
    author={Al-Fawareh, H. and Jusoh, S. and Sheikh Osman, W.},
    title={Ambiguity in Text mining},
    city={KualaLampur},
    year={2008},
    journal={IEEE international conference on computer and communication engineering},
    booktitle={IEEE international conference on computer and communication engineering},
    month={May},
}

@book{JHa05,
    author={Kamber, M. and Han, J. },
    title={Data mining concepts and techniques},
    year={2005},
    publisher={University of Illinois at Urbana Champaign},
}

@book{ASr09,
    author={ Sahami, M. and Srivastavaand, A.},
    title={Text Mining: Classification, Clustering, and Applications},
    year={2009},
    publisher={Chapman \& Hall},
}

@article{MEl03,
    author={Eldost, M.  },
    year={2003},
    title={{A}rabic text data mining: A root-based hierarchical indexing model},
    journal={International journal of modelling and simulation},
    volume={23},
}

@inproceedings{Rot08,
    author={Roth, Ryan and Rambow, Owen and Habash, Nizar and Diab, Mona and Rudin, Cynthia},
    year={2008},
    title={{A}rabic Morphological Tagging, Diacritization, and Lemmatization Using Lexeme Models and Feature Ranking},
    booktitle={Association for Computational Linguistics (ACL)},
    city={Columbus, Ohio},
}

@inproceedings{RAl09,
    author={Al-Shalabi, Riyad and Kanaan, Ghassan and Yaseen, Mustafa and Al-Sarayreh, Bashar  and Al-Naji, Nada A.},
    title={{A}rabic Query Expansion Using Interactive Word Sense Disambiguation},
    year={2009},
    booktitle={International Conference on {A}rabic Language Resources \& Tools},
    city={cairo},
}

@misc{QTC09,
    title={QT C++ Library},
    howpublsihed={\url{http://www.qtsoftware.com}},
    url={http://www.qtsoftware.com},
    yearAccessed={2009},
    monthAccessed={September},
    DayAccessed={11},
}

@article{Duw06,
    author = {Duwairi, Rehab M.},
    title = {Machine learning for Arabic text categorization: Research Articles},
    journal   = {Journal of the American Society for Information Science and Technology (JASIST)},
    volume = {57},
    month = {June},
    year = {2006},
    pages = {1005--1010},
} 


@article{Duw07,
    author={Duwairi, Rehab M.},
    year={2007},
    title={{A}rabic Text Categorization},
    journal={International Arab Journal on Information Technology},
    volume={4},
    issue={2},
}


@article{Duw09,
    author    = {Duwairi, Rehab and Nayef Al-Refai, Mohammad and Khasawneh, Natheer},
    title     = {Feature reduction techniques for Arabic text categorization},
    journal   = {Journal of the American Society for Information Science and Technology (JASIST)},
    volume    = {60},
    number    = {11},
    year      = {2009},
    pages     = {2347-2352},
}

@book{Sha73,
    author={Shartouni, R.  },
    title={The principles of {A}rabic/Mabaadi al-Arabiyah},
    year={1973},
    city={Beirut},
    publisher={Le Levant},
}

@book{Sou07,
    author={Soudi, Abdelhadi and van den Bosch, Antal and Neumann, Guenter},
    title={{A}rabic Computational Morphology: Knowledge-based and Empirical Methods},
    year={2007},
    publisher={Springer},
}

@inproceedings{Een03,
    author    = {Niklas E{\'e}n and Niklas S{\"o}rensson},
    title     = {An Extensible SAT-solver},
    booktitle = {SAT},
    year      = {2003},
    pages     = {502-518},
}

@techreport{Zar96,
    author={ Zaraket, Fadi and Zbib, Rabih and Khalil, Monah},
    title={Yaraah: Arabization module for Windows NT},
    year={1996},
    institution={AUB},
    booktitle={Technical FYP},
}

@misc{Zar06,
    author={ Zaraket, Fadi and Zeineddine, Marwan and AlAsadi, Hussein and al., et },
    year={2006},
    misctitle={Hadithopedia: comprehensive hadith encylopedia},
    title={Hadithopedia: comprehensive hadith encylopedia},
    howpublsihed={\url{http://code.google.com/p/hadithopaedia/}},
    url={http://code.google.com/p/hadithopaedia/},
}

@misc{Bas09,
    key={website},
    title={Basis technology},
    yearAccessed={2009},
    monthAccessed={September},
    DayAccessed={11},
    howpublsihed={\url{http://www.basistech.com/base-linguistics/arabic/}},
    url={http://www.basistech.com/base-linguistics/arabic/},
    year={2009},
}

@misc{Dok09,
    key={website},
    title={DokuWiki},
    howpublsihed={\url{http://www.dokuwiki.org}},
    url={http://www.dokuwiki.org},
    yearAccessed={2009},
    monthAccessed={September},
    DayAccessed={11},
    year={2009},
}

@misc{Int09,
    key={website},
    title={International Journal of {Arabic-English}  Studies},
    howpublsihed={\url{http://www.ijaes.org/}},
    url={http://www.ijaes.org/},
    yearAccessed={2009},
    monthAccessed={September},
    DayAccessed={11},
    year={2009},
}

@misc{Sak09,
    key={website},
    title={Sakhr Inc.},
    yearAccessed={2009},
    monthAccessed={September},
    DayAccessed={11},
    howpublsihed={\url{http://www.sakhr.com/products/Mining}},
    url={http://www.sakhr.com/products/Mining},
    year={2009},
    month={September},
}

@misc{Sub09,
    key={website},
    misctitle={Subversion},
    title={Subversion},
    howpublsihed={\url{http://subversion.tigris.org/}},
    url={http://subversion.tigris.org/},
    yearAccessed={2009},
    monthAccessed={September},
    DayAccessed={11},
    year={2009},
}

@misc{Col09,
    key={website},
    title={Columbia's {A}rabic Dialect Modeling Group},
    howpublsihed={\url{http://www1.ccls.columbia.edu/~cadim/}},
    url={http://www1.ccls.columbia.edu/~cadim/},
    yearAccessed={2009},
    monthAccessed={September},
    DayAccessed={11},
    year={2009},
}

@inproceedings{Abd07,
    author={ Abdelwadood, Mesleh },
    title={Support vector machines based {A}rabic language text classification system: feature selection comparative study},
    year={2007},
    booktitle={12th WSEAS International Conference on Applied Mathematics},
}

@inproceedings{Bee89,
    author={ Beesley, K. and Buckwalter, T. and Newton, S.},
    year={1989},
    title={Two-level finite-state analysis of {A}rabic morphology},
    journal={Seminar on Bilingual Computing in {A}rabic and English},
    booktitle={Seminar on Bilingual Computing in {A}rabic and English},
    city={Cambridge, England},
}

@Book{Abd00,
    author={ AlRajehi, Abdeh},
    title={The morphological practice/At-tatbiq Assarfi},
    year={2000},
    publisher={Renaissance (An-nahda)},
    Edition={first},
    city={Beirut},
}

@Book{Abd001,
    author={ AlRajehi, Abdeh },
    title={Semantical Practice/At-tatbiq Alnahawi},
    year={2000},
    publisher={Renaissance (nahda)},
    Edition={first},
    city={Beirut},
}

@techreport{Tim04,
    author={ Buckwalter, Tim },
    title={Buckwalter {A}rabic morphological analyzer version 2.0},
    year={2004},
    institution={Linguistic Data Consortium (LDC) },
    number={LDC2004L02},
}

@article{AEL07,
    author={ EL-Halees, A. },
    title={{A}rabic Text Classification. Using Maximum Entropy},
    year={2007},
    city={Gaza},
    journal={Islamic University journal },
}

@inproceedings{Ham07,
    author={Al-Zoghby, Aya  SharafEldin, A.  and Ismail, N.  and Hamza, T.},
    title={Mining {A}rabic Text Using Soft-Matching},
    year={2007},
    booktitle={ Computer Engineering and Systems},
}

@article{Red08,
    author={Redfearn, Judy},
    title={Text Mining},
    year={2008},
    journal={Joint Information Systems Committee},
    month={September },
}

@inproceedings{LSI89,
    author={ Deerwester, Scott },
    title={Improving Information Retrieval with Latent Semantic Indexing},
    booktitle={51st Annual Meeting of the American Society for Information Science },
    year={1988},
    month={October},
    volume={25},
}

@INPROCEEDINGS{Prague04,
    author = {Haji\v{c}, Jan and Zem{\'a}nek, Petr},
    title = {Prague Arabic dependency treebank: Development in data and tools},
    booktitle = {In Proc. of the NEMLAR Intern. Conf. on Arabic Language Resources and Tools},
    year = {2004},
    pages = {110--117},
}

@article{GeneOntology10,
   author={Boniolo, Giovanni AND D'Agostino, Marcello AND Di Fiore, Pier Paolo},
   title={Zsyntax: A Formal Language for Molecular Biology with Projected Applications in Text Mining and Biological Prediction},
   journal = {PLoS ONE},
   publisher = {Public Library of Science},
   year = {2010},
   month = {March},
   volume = {5},
}

@inproceedings{Z308,
    author = {De Moura, Leonardo and Bj{\o}rner, Nikolaj},
    title = {Z3: an efficient SMT solver},
    booktitle = {Tools and algorithms for the construction and analysis of systems},
    year = {2008},
    location = {Budapest, Hungary},
    pages = {337--340},
} 

@incollection{MiniSat04,
    author = {EÃ©n, Niklas and SÃ¶rensson, Niklas},
    title = {An Extensible SAT-solver},
    booktitle = {Theory and Applications of Satisfiability Testing},
    publisher = {Springer Berlin / Heidelberg},
    pages = {333-336},
    volume = {2919},
    year = {2004}
}

@inproceedings{seraICSE07,
  author={Zaraket, Fadi and Aziz, Adnan and Khurshid, Sarfraz},
  title={Sequential Circuits for Relational Analysis},
  booktitle={International Conference on Software Engineering},
  year={2007},
  month="May",
}

@InProceedings{Zara05,
  author = {Zaraket, F.  and Baumgartner, J. and Aziz, A.},
  title = "Scalable Compositional Minimization via Static Analysis",
  booktitle = "International Conference on Computer Aided Design",
  month = Nov,
  year = "2005",
 }

@book{Beesley:03,
    title = {Finite-State Morphology: {X}erox Tools and Techniques},
    author = {Beesley, Kenneth R. and Karttunen, Lauri},
    year = {2003},
    address = {Stanford},
    publisher = {CSLI}
}

@article{JanHMM06,
       title = {Text Mining for Medical Documents Using a Hidden Markov Model},
       author = {Jang, Hyeju and Song, Sa Kwang and Myaeng, Sung-Hyon},
       year = {2006},
       journal = {Lecture Notes in Computer Science}, 
       volume ={4182},
       pages={553-559},
       publisher = {Springer Verlag (Germany)},
}

@article{Dao09,
       title = {Synchronized morphological and syntactic disambiguation for Arabic},
       author = {Daoud, Daoud},
       year = {2009},
       journal = {Advances in Computational Linguistics},
       volume ={41},
       pages={73-86},
}

@inproceedings{Rog03,
     author = {Rogati, Monica and McCarley, Scott and Yang, Yiming},
     title = {Unsupervised learning of Arabic stemming using a parallel corpus},
     booktitle = {Annual Meeting on Association for Computational Linguistics},
     series = {ACL '03},
     year = {2003},
     location = {Sapporo, Japan},
     pages = {391--398},
     publisher = {Association for Computational Linguistics},
} 

@inproceedings{Tou09,
    author = {Toutanova, Kristina and Cherry, Colin},
    title = {A global model for joint lemmatization and part-of-speech prediction},
    booktitle = {Annual Meeting of the ACL and  Natural Language Processing of the AFNLP},
    series = {ACL-NLP},
    year = {2009},
    location = {Suntec, Singapore},
    pages = {486--494},
    publisher = {Association for Computational Linguistics},
}

@inproceedings{Smi10,
    author = {Smith, Jason R. and Quirk, Chris and Toutanova, Kristina},
    title = {Extracting parallel sentences from comparable corpora using document level alignment},
    booktitle = {Human Language Technologies: Annual Conference of the North American Chapter of the Association for Computational Linguistics},
    series = {HLT '10},
    year = {2010},
    location = {Los Angeles, California},
    pages = {403--411},
    publisher = {Association for Computational Linguistics},
}

@inproceedings{AlSham08,
    author = {Al-Shammari, Eiman and Lin, Jessica},
    title = {A novel Arabic lemmatization algorithm},
    booktitle = {Analytics for noisy unstructured text data},
    series = {AND '08},
    year = {2008},
    location = {Singapore},
    pages = {113--118},
    publisher = {ACM},
} 

ï»¿@incollection {MWE,
   author = {Sag, Ivan and Baldwin, Timothy and Bond, Francis and Copestake, Ann and Flickinger, Dan},
   affiliation = {CSLI, Ventura Hall, Stanford University Stanford, 94305-4115 CA USA},
   title = {Multiword Expressions: A Pain in the Neck for NLP},
   booktitle = {Computational Linguistics and Intelligent Text Processing},
   series = {Lecture Notes in Computer Science},
   editor = {Gelbukh, Alexander},
   publisher = {Springer Berlin / Heidelberg},
   isbn = {},
   pages = {189-206},
   volume = {2276},
   year = {2002}
}

ï»¿@incollection {Attia:06,
   author = {Attia, Mohammed},
   affiliation = {School of Informatics, The University of Manchester UK UK},
   title = {Accommodating Multiword Expressions in an Arabic LFG Grammar},
   booktitle = {Advances in Natural Language Processing},
   series = {Lecture Notes in Computer Science},
   editor = {Salakoski, Tapio and Ginter, Filip and Pyysalo, Sampo and Pahikkala, Tapio},
   publisher = {Springer Berlin / Heidelberg},
   isbn = {},
   pages = {87-98},
   volume = {4139},
   year = {2006}
}

@INPROCEEDINGS{Attia:05,
    author = {Attia, Mohammed},
    title = {Developing Robust Arabic Morphological Transducer Using Finite State Technology},
    booktitle = {8th Annual CLUK Research Colloquium},
    year = {2005}
}

@InProceedings{Attia:10,
  author    = {Attia, Mohammed  and  Toral, Antonio  and  Tounsi, Lamia  and  Pecina, Pavel  and  van Genabith, Josef},
  title     = {Automatic Extraction of Arabic Multiword Expressions},
  booktitle = {Proceedings of the Workshop on Multiword Expressions: from Theory to Applications (MWE 2010)},
  month     = {August},
  year      = {2010},
  address   = {Beijing, China},
  publisher = {Association for Computational Linguistics},
  pages     = {18--26},
}

@misc{ATMine09,
    key={website},
    title={{A}rabic text mining framework },
    howpublsihed={\url{http://code.google.com/p/atmine/}},
    url={http://code.google.com/p/atmine/},
    year={2009},
}


@article{Al-Azami-91,
       title = {A note on work in progress on computerization of hadith},
       author = {M. Mustafa Al Azami},
       year = {1991},
       journal = {Journal of Islamic studies},
       volume ={2},
       number = {1},
       pages={86-91},
}

@article{Azmi-2010,
       title = {e-Narrator an application for creating an ontology of hadiths narration tree semantically and graphically},
       author={Aqil Azmi and Nawaf bin Badia},
       year = {2010},
       month = {December},
       journal = {\em The Arabian journal of Science and Technology}, 
       volume ={35},
       number = {2C},
       pages={86-91},
}
