@inproceedings{zaraket2012arabic,
  title={Arabic Cross-Document NLP for the Hadith and Biography Literature},
  author={Zaraket, F. and Makhlouta, J.},
  booktitle={Twenty-Fifth International FLAIRS Conference},
  year={2012}
}
